@online{ine,

author = "Institu Nacional Electoral",

title = "Datos Abiertos â€“ Instituto Nacional Electoral",

year = "2020, 30 de diciembre",

url = "https://www.ine.mx/transparencia/datos-abiertos/\%23/archivo/estadistica-padron-electoral-lista-nominal-electores",

urldate = "2021-06-17"

}